@Article{,
  author          = {Robert Ghirst},
  title           = {Barcodes: The persistent topology of data},
  journaltitle    = {Bulletin of the American Mathematical Society},
  ALTyear         = {2008},
  ALTdate         = {},
  OPTkey          = {},
  OPTtranslator   = {},
  OPTannotator    = {},
  OPTcommentator  = {},
  OPTsubtitle     = {},
  OPTtitleaddon   = {},
  OPTeditor       = {},
  OPTeditora      = {},
  OPTeditorb      = {},
  OPTeditorc      = {},
  OPTjournalsubtitle = {},
  OPTissuetitle   = {},
  OPTissuesubtitle = {},
  OPTlanguage     = {},
  OPToriglanguage = {},
  OPTseries       = {},
  OPTvolume       = {},
  OPTnumber       = {},
  OPTeid          = {},
  OPTissue        = {45},
  OPTmonth        = {},
  OPTpages        = {61-75},
  OPTversion      = {},
  OPTnote         = {},
  OPTissn         = {},
  OPTaddendum     = {},
  OPTpubstate     = {},
  OPTdoi          = {},
  OPTeprint       = {},
  OPTeprintclass  = {},
  OPTeprinttype   = {},
  OPTurl          = {},
  OPTurldate      = {},
  OPTannote       = {}
}
